<?xml version="1.0" encoding="UTF-8"?><collection xmlns="http://www.loc.gov/MARC21/slim"><record><leader>00311nam--2200121-i-4500</leader><controlfield tag="001">000018676</controlfield><controlfield tag="002">20161230</controlfield><controlfield tag="005">20161230201032</controlfield><controlfield tag="008">060222s1000------------r-----000-0-eng-d</controlfield><datafield ind1=" " ind2=" " tag="100"><subfield code="a">Epure, M</subfield></datafield><datafield ind1=" " ind2=" " tag="245"><subfield code="a">Mehedinti d., moldovan c</subfield></datafield><datafield ind1=" " ind2=" " tag="260"><subfield code="a">Masini-unelte De Copiat</subfield></datafield><datafield ind1=" " ind2=" " tag="490"><subfield code="a">Bucuresti, Editura Tehnica, 1962. 303 P</subfield></datafield></record></collection>